<record><leader>00000cas a2200000 a 4500</leader><controlfield tag="001">11479432</controlfield><controlfield tag="008">841211u1979uuuuflubr ne      0   a0eng c</controlfield><datafield ind1=" " ind2=" " tag="010"><subfield code="a">sn 84002120 </subfield></datafield><datafield ind1=" " ind2=" " tag="040"><subfield code="a">NSD</subfield><subfield code="b">eng</subfield><subfield code="c">NSD</subfield><subfield code="d">FUG</subfield><subfield code="d">OCLCQ</subfield><subfield code="d">OCLCF</subfield><subfield code="d">OCLCO</subfield></datafield><datafield ind1=" " ind2=" " tag="012"><subfield code="j">0</subfield><subfield code="k">1</subfield><subfield code="m">d</subfield></datafield><datafield ind1="1" ind2=" " tag="022"><subfield code="a">8750-5053</subfield><subfield code="l">8750-5053</subfield><subfield code="2">1</subfield></datafield><datafield ind1="1" ind2=" " tag="029"><subfield code="a">AU@</subfield><subfield code="b">000020343917</subfield></datafield><datafield ind1=" " ind2=" " tag="042"><subfield code="a">nsdp</subfield><subfield code="a">pcc</subfield></datafield><datafield ind1=" " ind2=" " tag="043"><subfield code="a">n-us-fl</subfield></datafield><datafield ind1=" " ind2="4" tag="222"><subfield code="a">The Jewish Floridian of Tampa</subfield></datafield><datafield ind1="0" ind2="4" tag="245"><subfield code="a">The Jewish Floridian of Tampa.</subfield></datafield><datafield ind1="3" ind2="0" tag="246"><subfield code="a">Jewish Floridian</subfield></datafield><datafield ind1=" " ind2=" " tag="260"><subfield code="a">[Miami, Fla. :</subfield><subfield code="b">Fred K. Shochet</subfield></datafield><datafield ind1=" " ind2=" " tag="300"><subfield code="a">v. :</subfield><subfield code="b">ill.</subfield></datafield><datafield ind1=" " ind2=" " tag="310"><subfield code="a">Biweekly</subfield><subfield code="b">June 1, 1984-</subfield></datafield><datafield ind1=" " ind2=" " tag="321"><subfield code="a">Weekly</subfield><subfield code="b">Apr. 6, 1979-May 16, 1980</subfield></datafield><datafield ind1=" " ind2=" " tag="321"><subfield code="a">Weekly, Sept.-May; Biweekly, June-Aug.</subfield><subfield code="b">May 30, 1980-May 18, 1984</subfield></datafield><datafield ind1="0" ind2=" " tag="362"><subfield code="a">Vo1. 1, no. 1 (Apr. 6, 1979)-</subfield></datafield><datafield ind1=" " ind2=" " tag="515"><subfield code="a">Issues for: v.2, no. 21; v.3, no. 14; v.4, no. 32, and; v.8, no. 3, omitted in numbering sequence and were not published.</subfield></datafield><datafield ind1=" " ind2=" " tag="515"><subfield code="a">Issue for Feb. 27, 1981 called also v.3, no. 8, repeating numbering of previous issue.</subfield></datafield><datafield ind1=" " ind2=" " tag="515"><subfield code="a">Issue for Nov. 12, 1982 called v.55, no. 46 in masthead, but constitutes v.4, no. 39, as stated in publisher's statement.</subfield></datafield><datafield ind1=" " ind2=" " tag="515"><subfield code="a">Issues for Jan. 9 &amp; 23, 1987 called v.9, no. 2 &amp; 3, but constitute v.9, no. 1 &amp; 2 respectively.</subfield></datafield><datafield ind1=" " ind2=" " tag="530"><subfield code="a">Also available on microfilm from the University of Florida.</subfield></datafield><datafield ind1=" " ind2="0" tag="650"><subfield code="a">Jewish newspapers</subfield><subfield code="z">Florida.</subfield></datafield><datafield ind1=" " ind2="0" tag="651"><subfield code="a">Tampa (Fla.)</subfield><subfield code="v">Newspapers.</subfield></datafield><datafield ind1=" " ind2="0" tag="651"><subfield code="a">Hillsborough County (Fla.)</subfield><subfield code="v">Newspapers.</subfield></datafield><datafield ind1=" " ind2="7" tag="655"><subfield code="a">Newspapers.</subfield><subfield code="2">fast</subfield><subfield code="0">(OCoLC)fst01423814</subfield></datafield><datafield ind1=" " ind2="7" tag="650"><subfield code="a">Jewish newspapers.</subfield><subfield code="2">fast</subfield><subfield code="0">(OCoLC)fst00982872</subfield></datafield><datafield ind1=" " ind2="7" tag="651"><subfield code="a">Florida.</subfield><subfield code="2">fast</subfield><subfield code="0">(OCoLC)fst01205150</subfield></datafield><datafield ind1=" " ind2="7" tag="651"><subfield code="a">Florida</subfield><subfield code="z">Hillsborough County.</subfield><subfield code="2">fast</subfield><subfield code="0">(OCoLC)fst01210214</subfield></datafield><datafield ind1=" " ind2="7" tag="651"><subfield code="a">Florida</subfield><subfield code="z">Tampa.</subfield><subfield code="2">fast</subfield><subfield code="0">(OCoLC)fst01206282</subfield></datafield><datafield ind1=" " ind2=" " tag="752"><subfield code="a">United States</subfield><subfield code="b">Florida</subfield><subfield code="c">Hillsborough</subfield><subfield code="d">Tampa.</subfield></datafield><datafield ind1="0" ind2=" " tag="775"><subfield code="t">Jewish Floridian</subfield><subfield code="x">0021-6445</subfield><subfield code="w">(DLC)sn 91066512</subfield><subfield code="w">(OCoLC)4073291</subfield></datafield><datafield ind1="1" ind2=" " tag="776"><subfield code="c">Microfilm</subfield><subfield code="d">George A. Smathers Libraries, University of Florida</subfield><subfield code="w">(DLC)sn 00229553</subfield><subfield code="w">(OCoLC)44620289</subfield></datafield><datafield ind1=" " ind2=" " tag="850"><subfield code="a">FU</subfield></datafield><datafield ind1=" " ind2=" " tag="936"><subfield code="a">Vol. 10, no. 13 (June 27, 1988) LIC</subfield></datafield></record>